@string{ACM = "Communications of the ACM"}
@string{ACMTrans = "ACM Trans. on Mathematical Software"}
@string{NIMA = "Nucl. Instr. Meth. A"}
@string{JPCS = "J. Phys.: Conf. Ser."}
@string{AJP = "Am. J. Phys."}
@string{PRL = "Phys. Rev. Lett."}
@string{PRD = "Phys. Rev. D"}
@string{PLB = "Phys. Lett. B"}
@string{ProgTheoPhys = "Prog. Theor. Phys."}
@string{SovPhysJETP = "Sov. Phys. JETP"}
@string{JPG = "J. Phys. G: Nucl. Part. Phys."}
@string{PPNP = "Prog. Part. Nucl. Phys."}
@string{JETPL = "J. Exp. Theor. Phys. Lett."}
@string{JETP = "J. Exp. Theor. Phys."}
@string{ASTRO = "Astropart. Phys."}
@string{JINST = "JINST"}
@string{RSI = "Rev. Sci. Instrum."}

@Article{Fruhwirth1987,
    author = {R Fr√ºhwirth},
    title = "Application of Kalman Filtering to Track and Vertex Fitting",
    journal = NIMA,
    year = 1987,
    volume = 262,
    pages = 444,
}

@Article{Root,
    author = "R Brun and F Rademakers",
    title = "{ROOT} -- An Object Oriented Data Analysis Framework",
    year = 1996,
    journal = NIMA,
    volume = 389,
    pages = "81--86",
}

@Article{Wolin1993,
    author = "E J Wolin and L L Ho",
    year = 1993,
    journal = NIMA,
    volume = 329,
    number = 493,
}

@Article{Eidelman2004,
    author = "Particle Data Group: S Eidelman and others",
    year = 2004,
    journal = PLB,
    volume=592,
    number=1,
}

@Article{Ankowski2006,
    author = "A Ankowski and others",
    title = "Measurement of Through-going particle momentum by means of multiple scattering with the {Icarus} {T600} {TPC}",
    year = 2006,
    journal = {arXiv:hep-ex/0606006v1},
}

@Article{Morgan2010,
    author = "B Morgan",
    title = "Interest point detection for reconstruction in high granularity tracking detectors",
    journal = JINST,
    volume = 5,
    number = "P07006",
    year = 2010,
}

@Misc{SciPy,
  author =    {E Jones and T Oliphant and P Peterson and others},
  title =     {{SciPy}: Open source scientific tools for {Python}},
  year =      {2001--},
  url = "http://www.scipy.org/"
}

@Misc{GeantGPS,
    author = "C Ferguson",
    title = "General purpose Source Particle Module for {Geant4/SPARSET}, {Technical Note}",
    institution = "UoS-GSPM-Tech, Issue 1.1",
    year = 2000,
}

@Article{Genie,
   author = "C Andreopoulos and others", 
   title = "{The GENIE Neutrino Monte Carlo Generator}", 
   journal = NIMA,
   volume = "614", 
   year = "2010", 
   pages = "87--104", 
} 
    
@Misc{SQLite,
    note = {\url{http://www.sqlite.org/}},
}

@Article{Geant4,
    author = "S Agostinelli and others",
    title = "{Geant4}---a simulation toolkit",
    year = 2003,
    journal = NIMA,
    volume = 506,
    number = 3,
    pages = "250--303",
}

@Article{Anger1958,
    author = "H O Anger",
    title = "Scintillation camera",
    year = 1958,
    journal = RSI,
    volume = 29,
    pages = "27",
}

@Article{Rutter2011,
    author = "G Rutter and M Richards and A J Bennieston and Y A Ramachers",
    title = "Point-source reconstruction with a sparse light-sensor array for optical {TPC} readout",
    year = 2011,
    journal = JINST,
    volume = 6,
    pages = "P07006",
}

@Article{Lightfoot2009,
    author = "P K Lightfoot and others",
    title = "Optical readout tracking detector concept using secondary scintillation from liquid argon generated by a thick gas electron multiplier",
    year = 2009,
    journal = JINST,
    volume = 4,
    pages = "P04002",
}

@Article{Stewart2010,
    author = "D Y Stewart and others",
    title = "Modelling electroluminescence in liquid argon",
    journal = JINST,
    year = 2010,
    volume = 5,
    pages = "P10005",
}

@Article{Cline2003,
    author = "D B Cline and others",
    title = "{LANNDDD}---{A} massive liquid argon detector for proton decay, supernova and solar neutrino studies, and a neutrino factory detector",
    year = 2003,
    journal = NIMA,
    volume = 503,
    pages = "136--140",
}

@Article{Baibussinov2008,
    author = "B Baibussinov and others",
    title = "A new, very massive modular Liquid Argon Imaging Chamber to detect low energy off-axis neutrinos from the CNGS beam",
    year = 2008,
    journal = ASTRO,
    volume = 29,
    number = 3,
    pages = "174--187",
}

@Article{Amerio2004,
    author = "S Amerio and others",
    title = "Design, construction and tests of the {ICARUS} {T600} detector",
    year = 2004,
    journal = NIMA,
    volume = 527,
    pages = "329--410",
}

@Article{Amoruso2004,
    author = "S Amoruso and others",
    title = "Study of electron recombination in liquid {A}rgon with the {ICARUS} {TPC}",
    year = 2004,
    journal = NIMA,
    volume = 523,
    pages = "275--286",
}

@TechReport{ATLAS1999,
    title = "{ATLAS} detector and physics performance technical design report",
    year = 1999,
    author = "ATLAS Collaboration",
}

@Article{Laguna2009,
    author = "The LAGUNA Consortium: D Angus and others",
    title = "The {LAGUNA} design study --- towards giant liquid based underground detectors for neutrino physics and astrophysics and proton decay searches",
    year = 2009,
    journal = {arXiv:1001.0077v1},
}

@Article{Harrison2004,
    author = "P F Harrison and W G Scott",
    title = "The Simplest Neutrino Mass Matrix",
    journal = PLB,
    year = 2004,
    volume = 594,
    pages = 324,
}

@Article{Ahn2012,
    author = "RENO Collaboration: J K Ahn and others",
    title = "Observation of reactor electron antineutrino disappearance in the {RENO} experiment",
    year = 2012,
    journal = {arXiv:1204.0626v1},
}

@Article{MINOS2008,
    author = "MINOS Collaboration: P Adamson and others",
    title = "Measurement of Neutrino Oscillations with the MINOS Detectors in the NuMI Beam",
    year = 2008,
    journal = PRL,
    volume = 101,
    pages = 131802,
}

@Article{K2K2006,
    author = "K2K: M H Ahn and others",
    title = "Measurement of neutrino oscillation by the {K2K} experiment",
    year = 2006,
    journal = PRD,
    volume = 74,
    pages = 072003,
}

@Article{SuperK2006,
    author = "Super-Kamiokande: J Hosaka and others",
    title = "Three flavor neutrino oscillation analysis of atmospheric neutrinos in {S}uper-{K}amiokande",
    year = 2006,
    journal = PRD,
    volume = 74,
    pages = 032002,
}

@Article{GNO2005,
    author = "GNO Collaboration: M Altmann and others ",
    title = "Complete results for five years of {GNO} solar neutrino observations",
    year = 2005,
    journal = PLB,
    volume = 616,
    pages = 174,
}

@Article{GALLEX1999,
    author = "W Hampel and others",
    title = "{GALLEX} solar neutrino observations: Results for {GALLEX} {IV}",
    year = 1999,
    journal = PLB,
    volume = 447,
    pages = "127--133",
}

@Article{SAGE2002,
    author = "SAGE Collaboration: J. N. Abdurashitov and others",
    title = "Measurement of the Solar Neutrino Capture Rate by the Russian-American Gallium Solar Neutrino Experiment During One Half of the 22-Year Cycle of Solar Activity",
    year = 2002,
    journal = JETP,
    volume = 95,
    pages = "181--193",
}

@Article{Sakharov1967,
    author = "A D Sakharov",
    title = "{V}iolation of {CP} {I}nvariance, {C} {A}symmetry, and {B}aryon {A}symmetry of the {U}niverse",
    year = 1967,
    volume = 5,
    pages = 24,
    journal = JETPL,
}

@Article{PDG2011,
    author = "K Nakamura and others (Particle Data Group)",
    title = "Review of Particle Physics",
    journal = JPG,
    year = 2010,
    volume = 37,
    number = 075021,
}

@Article{Bellini2012,
    author = "G Bellini and others",
    title = "Absence of a day-night asymmetry in the $^7\mathrm{Be}$ solar neutrino rate in Borexino",
    year = 2012,
    journal = {arXiv:1104.2150v2},
}

@Article{SuperNEMO,
    author = "H Onsumi (on behalf of the NEMO and SuperNEMO Collaboration)",
    title = "Super{NEMO} project",
    year = 2008,
    journal = JPCS,
    volume = 120,
    number = 052054,
    pages = "1--3",
}

@Article{SNO+,
    author = "C Kraus and S J Peeters",
    title = "The rich neutrino programme of the {SNO+} experiment",
    year = 2010,
    journal = PPNP,
    volume = 64,
    number = 2,
    pages = "273--277",
}

@Book{Birks1964,
    author = "J Birks",
    title = "The theory and practice of scintillation counting",
    year = 1964,
    publisher = "Pergamon Press",
}

@Book{Aprile2006,
    author = "E Aprile and A E Bolotnikov and A I Bolozdynya and T Doke",
    title = "Noble gas detectors",
    publisher = "Wiley",
    year = 2006,
}

@Book{Perkins2000,
    author = "D H Perkins",
    title = "Introduction to High Energy Physics",
    year = 2000,
    publisher = "Cambridge University Press",
}

@Book{Green2008,
    author = "D Green",
    title = "The physics of particle detectors",
    year = 2008,
    publisher = "Cambridge University Press",
}

@Book{Giunti2007,
    author = "C Giunti and C W Kim",
    title = "Fundamentals of Neutrino Physics and Astrophysics",
    year = 2007,
    publisher = "Oxford University Press",
}

@Book{Zuber2004,
    author = "K Zuber",
    title = "Neutrino Physics",
    year = 2004,
    publisher = "Taylor \& Francis Group",
}

@Article{Abe2011,
    author = "K Abe and others",
    title = {Indication of electron neutrino appearance from an accelerator-produced off-axis muon neutrino beam},
    year = 2011,
    journal = PRL,
    volume = 107,
    number = 4,
    pages = "041801--041809",
}

@Article{Riotto1999,
    author = "A Riotto and M Trodden",
    title = "Recent Progress in Baryogenesis",
    year = 1999,
    journal = {arXiv:hep-ph/9901362v2},
}

@Article{An2012,
    author = "A An and others",
    title = {Observation of electron-antineutrino disappearance at {D}aya {B}ay},
    year = 2012,
    journal = {arXiv:1203.1669},
}

@Article{Mezzetto2010,
    author = "M Mezzetto and T Schwetz",
    title = {$\theta_{13}$: Phenomenology, present status and prospect},
    year = 2010,
    journal = JPG,
    volume = 37,
    number = 103001,
    pages = "1--46",
}

@techreport{Rubbia1977,
      author       = "C Rubbia",
      title        = "The liquid-argon time projection chamber: a new concept for neutrino detectors. oai:cds.cern.ch:117852",
      institution  = "CERN",
      address      = "Geneva",
      number       = "CERN-EP-INT-77-8",
      year         = "1977",
}	

@Article{Kayser1981,
	author = "B Kayser",
	year = 1981,
	title = "On the quantum mechanics of neutrino oscillation",
	journal = PRD,
	volume = 24,
	number = 1,
	pages = "110--116",
}

@Article{Pontecorvo1968,
	author = {B Pontecorvo},
	title = "Neutrino experiments and the problem of conservation of leptonic charge",
	journal = SovPhysJETP,
	year = 1968,
	volume = 26,
	number = 5,
	pages = "984--988",
}

@Article{Pontecorvo1958,
	author = {B Pontecorvo},
	title = "Inverse beta processes and non-conservation of lepton charge",
	journal = SovPhysJETP,
	year = 1958,
	volume = 7,
	number = 34,
	pages = "172--173",
}

@Article{Maki1962,
	author = {Z Maki and M Nakagawa and S Sakata},
	title = "Remarks on the unified model of elementary particles",
	journal = ProgTheoPhys,
	year = 1962,
	volume = 28,
	number = 5,
	pages = "870--880",
}

@Article{Ahmad2001,
	author = {Q R Ahmad and others},
	title = "Measurement of the rate of $\nu_e + d \rightarrow p + p + e^{-}$ interactions produced by $^8\mathrm{B}$ solar neutrinos at the {S}udbury {N}eutrino {O}bservatory",
	year = 2001,
	journal = PRL,
	volume = 87,
	number = 7,
	pages = "071301 1--6",
}

@Article{Hirata1989,
	author = {K S Hirata and others},
	title = "Observation of {$^8\mathrm{B}$} solar neutrinos in the {K}amiokande-{II} detector",
	year = 1989,
	journal = PRL,
	volume = 63,
	number = 1,
	pages = "16--19",
}

@Article{Danby1962,
	author = {G Danby and others},
	title = "Observation of high-energy neutrino reactions and the existence of two kinds of neutrinos",
	year = 1962,
	journal = PRL,
	volume = 9,
	number = 1,
	pages = "36--44",
}

@Article{Bahcall1964,
	author = {J N Bahcall},
	title = "{S}olar {N}eutrinos. {I}. {T}heoretical",
	year = 1964,
	journal = PRL,
	volume = 12,
	number = 11,
	pages = "300--302",
}

@Article{Davis1964,
	author = {R Davis Jr.},
	title = "{S}olar {N}eutrinos. {II}. {E}xperimental",
	year = 1964,
	journal = PRL,
	volume = 12,
	number = 11,
	pages = "303--305",
}


@Article{Reines1956,
	author = {F Reines and C L Cowan and F B Harrison and H W Kruse and A D McGuire},
	year = 1956,
	title = {Detection  of the {F}ree {N}eutrino: a {C}onfirmation},
	journal = "Science",
	volume = 124,
	number = 3212,
	pages = "103--104",
}

@Article{Wilson1968,
	author = {F L Wilson},
	title = "Fermi's Theory of Beta Decay",
	year = 1968,
	journal = AJP,
	volume = 36,
	number = 12,
	pages = "1150--1160",
}

@Article{Bentley1975,
  author =   {J L Bentley},
  title =    {Multidimensional Binary Search Trees Used For Associative Searching},
  journal =  ACM,
  year =     1975,
  volume =   18,
  number =   9,
  pages =    "509--517",
}

@Article{Friedman1977,
  author =   {J H Friedman and J L Bentley and R A Finkel},
  title =    {An algorithm for finding best matches in logarithmic expected time},
  journal =  ACMTrans,
  year =     1977,
  volume =   3,
  number =   3,
  pages =    "209--226",
}

@Article{Bentley1980,
  author =   {J L Bentley},
  title =    {Multidimensional Divide-and-Conquer},
  journal =  ACM,
  year =     1980,
  volume =   23,
  number =   4,
  pages =    "214--229",
}

@phdthesis{Moore1991,
	author = {A W Moore},
	title = "Efficient Memory-based Learning for Robot Control",
	school = "Computer Laboratory, University of Cambridge",
	year = 1991,
	note = "Technical Report No. 209",
}

@Book{vonNeumann1966,
	author = {J von Neumann and A W Burks},
	title = "Theory of self-reproducing automata",
	year = 1966,
	publisher = "University of Illinois Press",
}

@Article{Gardner1970,
	author = {M Gardner},
	title = {Mathematical Games, The fantastic combinations of {John Conway's} new solitaire game "life"},
	journal = "Scientific American",
	year = 1970,
	volume = "October",
	pages = "120--123",
}

@Article{Glazov1992,
	author = {A Glazov and I Kisel and E Konotopskaya and G Ososkov},
	title = {Filtering tracks in discrete detectors using a cellular automaton},
	year = 1992,
	journal = NIMA,
	volume = 329,
	pages = "262--268",
}

@Article{Casolino1995,
	author = {M Casolino and P Picozza},
	title = {A cellular automaton to filter events in a high energy physics discrete calorimeter},
	year = 1995,
	journal = NIMA,
	volume = 364,
	pages = "516--523",
}

@Article{Kisel1997,
	author = {I Kisel et al.},
	title = {Cellular automaton and elastic net for event reconstruction in the {NEMO-2} experiment},
	journal = NIMA,
	year = 1997,
	volume = 387,
	pages = "433--442",
}

@Article{Abt2002,
	author = {I Abt and D Emeliyanov and I Kisel and S Masciocchi},
	title = {{CATS}: a cellular automaton for tracking in silicon for the {HERA-B} vertex detector},
	journal = NIMA,
	year = 2002,
	volume = 489,
	pages = "389--405",
}

@phdthesis{Maesaka2005,
	author = "H Maesaka",
	title = "Evidence for muon neutrino oscillation in an accelerator-based experiment",
	school = "Department of Physics, Kyoto University",
	year = 2005,
}

@InProceedings{Ester1996,
	author = {M Ester and H-P Kriegel and J Sander and X Xu},
	title = "A density-based algorithm for discovering clusters in large spatial databases with noise",
	year = 1996,
	booktitle = "Proceedings of 2nd International Conference on Knowledge Discovery and Data Mining (KDD-96)",
}

@Article{Spitz2011,
	author = {J Spitz},
	title = "ArgoNeuT and the Neutrino-Argon Charged Current Quasi-Elastic Cross Section",
	year = 2011,
	journal = JPCS,
	volume = 312,
	pages = 072017,
}

@Article{Ankerst1999,
	author = {M Ankerst, M Breunig, H-P Kriegel and J Sander},
	title = "{OPTICS}: {Ordering} {Points} {To} {Identify} the {Clustering} {Structure}",
	year = 1999,
	journal = "SIGMOD 99",
	pages = "49--60",
}

@Article{Fermi1934,
	author = {E Fermi},
	title = "Versuch einer Theorie der $\beta$-Strahlen",
	year = 1934,
	journal = "Z. Physik",
	volume = 88,
	pages = "161--177",
}

